3359 5084
779 712 900 768 Munus
1316 718 1349 773 47

347 889 383 949 et
397 886 477 965 ipse
491 902 595 948 cesus
610 901 718 965 saepe
732 884 803 947 iem
818 888 987 966 expertos
1003 885 1098 948 time.

347 985 446 1048 Mnn.
495 985 654 1048 Fortuna
668 1002 809 1066 semper
824 984 938 1048 omnis
953 984 1049 1049 inire
1065 1003 1119 1049 me
1135 986 1245 1050 stetit.
1280 988 1341 1051 520

347 1086 423 1149 Ins,
497 1085 652 1148 Acastus
667 1084 788 1148 instet.
836 1084 937 1148 Mun.
985 1084 1138 1167 Propior
1152 1093 1208 1150 est
1231 1088 1347 1151 bostis

554 1183 658 1249 Oreo:

346 1292 533 1368 utrumque
548 1287 712 1368 profuge.
758 1304 829 1349 non
845 1286 936 1348 utin
951 1304 1110 1350 socerum
1127 1305 1253 1369 manus

346 1405 462 1451 ermes
476 1405 541 1451 nec
555 1391 596 1449 ut
611 1391 647 1450 te
661 1386 769 1450 coede
783 1390 938 1465 cognata
952 1388 1117 1468 inquines

346 1487 473 1551 Meden
483 1488 593 1567 cogit:
609 1487 779 1550 innocens
795 1504 931 1550 mecum
946 1488 1043 1567 fuge.

345 1588 422 1652 Ins.
497 1588 545 1651 Et
572 1588 653 1669 quis
681 1587 837 1662 resistet,
870 1587 1013 1666 gemine
1042 1588 1073 1651 si
1102 1588 1197 1651 belle
1223 1588 1345 1668 ingru-

552 1694 623 1766 ent,
948 1757 950 1761 ,
1284 1689 1345 1752 525

343 1788 434 1853 Oreo
449 1794 556 1870 etque
570 1790 725 1853 Acastus
740 1807 839 1852 erma
854 1788 885 1851 si
901 1788 1051 1867 iungant
1063 1789 1148 1852 sue?

344 1889 445 1953 Mun.
492 1890 557 1953 His
574 1890 673 1954 edice
688 1888 850 1965 Colchos,
870 1889 968 1952 adice
992 1896 1028 1953 et
1052 1890 1190 1953 Aeeten
1205 1880 1352 1962 ducem(

343 1988 498 2070 Scythes
513 1990 679 2070 Pelasgis
693 1990 815 2069 iunge:
830 1990 1013 2054 demersos
1027 1990 1130 2054 dubo.

343 2090 419 2154 IAs.
493 2092 580 2155 Alte
594 2091 789 2156 extimesco
804 2100 955 2172 sceptra.
1003 2089 1104 2157 MED.
1149 2090 1203 2153 Ne
1218 2091 1341 2173 cupies

551 2192 643 2255 vide.

341 2291 418 2356 Ius.
493 2292 671 2375 Suspecta
705 2312 751 2357 ne
786 2294 869 2369 sint,
909 2292 1016 2372 longe
1051 2292 1227 2372 colloquio
1270 2310 1339 2358 am·

550 2399 646 2475 puta.
1278 2393 1340 2457 530

341 2493 442 2557 Mnl).
490 2495 593 2558 Nunc
608 2513 744 2559 summe
758 2499 835 2558 toto
850 2494 1014 2576 Iuppiter
1028 2494 1127 2558 caelo
1143 2498 1238 2557 tone.

340 2595 484 2660 intende
498 2596 671 2672 dextram,
691 2596 852 2660 vindices
867 2597 1025 2660 flammas
1041 2612 1128 2676 pura

339 2714 546 2775 omnemque
562 2696 680 2779 ruptis
694 2697 848 2759 nubibus
863 2696 1031 2759 mundum
1046 2699 1163 2776 quate,

338 2815 404 2860 nec
419 2797 592 2876 deligenti
607 2797 680 2861 tela
695 2798 871 2860 librentur
886 2815 991 2860 manu

339 2896 397 2960 vel
414 2915 468 2961 me
483 2898 542 2961 vel
556 2899 677 2961 istum:
692 2898 854 2977 quisquis
869 2917 889 2962 e
904 2898 1007 2960 nobis
1022 2897 1125 2960 cedet
1273 2894 1334 2957 535

339 3015 471 3060 nocens
482 2999 623 3079 peribit,
643 3016 712 3061 non
725 3003 846 3079 potest
861 2999 897 3060 in
913 3016 977 3061 nos
995 3003 1091 3061 tuum

340 3115 461 3162 errare
475 3098 621 3162 fulmen.
668 3099 746 3162 Ins.
792 3098 889 3163 Sana
905 3098 1069 3162 meditari
1084 3097 1201 3179 incipe

340 3202 376 3260 et
391 3198 531 3279 placida
545 3200 632 3261 fare.
680 3200 711 3261 si
726 3200 820 3279 quod
837 3218 882 3263 ex
897 3199 1013 3263 soceri
1026 3198 1131 3261 domo

340 3303 460 3380 potest
474 3299 596 3377 fugem
612 3300 734 3363 levere
750 3301 918 3377 solamen,
938 3304 1030 3382 pete.

340 3398 440 3461 Mun.
467 3397 701 3465 Contemnere
717 3401 854 3464 animus
869 3401 999 3480 regiae,
1019 3408 1058 3461 ut
1074 3398 1155 3475 scis
1175 3414 1262 3479 opes
1280 3392 1341 3458 540

339 3506 459 3580 potest
474 3500 648 3579 soletque;
665 3501 797 3564 liberos
812 3506 951 3564 tantum
967 3502 1077 3579 lugee

338 3600 470 3663 hebere
485 3602 632 3663 comites
647 3602 754 3664 licent
769 3602 804 3663 in
820 3619 970 3680 quorum
986 3602 1066 3664 sinu

338 3700 502 3763 lacrimas
517 3702 741 3782 profundum.
789 3708 825 3766 te
842 3703 925 3765 novi
942 3702 1017 3765 neti
1032 3705 1186 3764 manent.

338 3801 414 3864 Ins.
462 3801 595 3864 Parere
610 3803 776 3884 precibus
791 3821 922 3885 cupere
938 3821 993 3866 me
1008 3803 1125 3865 fateor
1141 3799 1226 3864 tuis:

337 3901 453 3983 pietas
470 3906 580 3978 vetut;
594 3921 743 3983 nemque
755 3904 851 3966 istud
867 3908 908 3965 ut
922 3903 1056 3985 possim
1072 3902 1157 3984 pati,
1278 3900 1339 3961 545

339 4066 424 4117 period
432 4068 636 4120 attercoullioere.
664 4070 721 4113 523.
747 4070 833 4114 coede
847 4071 978 4121 comete:
1007 4072 1114 4112 Acastus
1129 4070 1177 4111 and
1186 4069 1264 4110 Jnson
1273 4076 1339 4109 were

339 4133 445 4177 cousins.
506 4135 562 4177 529.
588 4146 625 4181 ne
642 4137 740 4187 ouplu
753 4137 830 4181 vide:
868 4138 943 4179 ‘'Peke
958 4147 1015 4179 care
1031 4137 1087 4178 thet
1104 4135 1226 4178 embltlon
1245 4136 1275 4176 be
1294 4139 1338 4176 not

339 4210 401 4250 your
416 4205 471 4243 true
485 4202 594 4245 motivo!
645 4204 702 4247 504.
728 4204 990 4255 delloeentl...tstum:
1027 4205 1083 4246 tbot
1097 4202 1279 4245 discrlmlnetcs
1295 4203 1337 4243 be·

340 4274 419 4311 twcsn
437 4279 473 4311 us
527 4270 583 4313 545.
609 4270 713 4321 nictu:
740 4274 771 4315 ct.
789 4282 810 4316 v·
829 4272 912 4316 4085.
938 4271 1055 4316 memet:
1085 4270 1339 4323 Ooqctherebnstwo
