3359 5084
319 712 353 765 34
753 709 875 762 Manen

318 880 386 943 hoc
401 882 457 941 est
471 896 581 959 penes
597 883 643 940 te.
690 877 721 939 si
736 877 864 957 placet,
882 878 1010 941 damna
1024 897 1134 955 ream;
1255 880 1316 943 245

319 981 380 1043 sed
397 979 506 1042 redde
520 978 663 1040 crimen.
709 996 787 1040 sum
801 996 942 1049 nocens,
963 980 1088 1054 fateor,
1108 980 1211 1043 Oreo:

318 1082 425 1143 talem
442 1079 579 1142 sciebas
595 1096 685 1154 esse,
704 1097 781 1140 cum
799 1096 915 1157 genua
932 1073 1037 1159 attigi

318 1182 492 1259 fidemque
508 1180 662 1259 supplex
677 1179 852 1259 praesidis
867 1180 1014 1243 dextrae
1031 1184 1118 1261 peti:

318 1281 446 1344 iterum
462 1280 616 1342 miseriis
632 1280 797 1358 angulum
816 1298 856 1342 ac
872 1281 989 1342 sedem
1007 1300 1096 1360 rogo

318 1383 544 1460 latebrasque
560 1380 663 1443 viles:
680 1382 766 1441 urbe
782 1381 811 1442 si
828 1382 915 1461 pelli
931 1382 1057 1461 placet,
1254 1382 1316 1444 250

241 1514 244 1519 ·
318 1483 422 1544 detur
437 1486 595 1544 remotus
611 1480 738 1559 aliquis
753 1481 790 1541 in
806 1483 927 1558 regnis
943 1483 1051 1544 locus.

319 1582 383 1645 CR.
471 1579 551 1643 Non
566 1598 646 1643 esse
669 1599 723 1642 me
745 1581 806 1659 qui
828 1586 971 1661 sceptra
993 1583 1170 1646 violentus
1192 1601 1336 1661 geram·

318 1701 385 1746 nec
399 1681 629 1761 quisuperbo
645 1681 808 1744 miserias
823 1683 953 1743 calcem
971 1684 1074 1763 pede,

319 1786 473 1846 testatus
489 1781 650 1861 equidem
666 1782 789 1844 videor
803 1781 899 1844 haud
913 1784 1009 1845 clare
1024 1802 1148 1863 perum

320 1900 488 1963 generum
506 1883 644 1945 exulem
660 1882 812 1960 legendo
828 1887 865 1945 et
882 1884 1047 1945 efflictum
1062 1889 1098 1946 et
1113 1884 1218 1962 gravi
1255 1883 1316 1946 255

320 1990 457 2046 terrore
472 1984 651 2065 pavidum,
666 1984 799 2063 quippe
815 2002 920 2062 quem
935 2002 1069 2063 poenae
1085 1985 1224 2064 expetit

320 2085 462 2163 letoque
477 2084 631 2146 Acastus
648 2102 759 2160 regna
774 2084 983 2147 Thessalica
997 2084 1174 2163 optinens.

325 2186 424 2248 senio
439 2188 651 2247 trementem
666 2185 776 2247 debili
792 2190 899 2264 atque
914 2204 1003 2247 aevo
1018 2203 1163 2264 gravem

325 2292 463 2367 patrem
475 2291 696 2365 peremptum
712 2286 874 2364 queritur
889 2293 926 2349 et
940 2286 1035 2348 caesi
1051 2285 1147 2347 senis

325 2387 475 2449 discissa
490 2387 656 2454 membra,
675 2404 755 2447 cum
769 2386 851 2447 dolo
868 2393 994 2466 captae
1010 2392 1071 2448 tuo
1261 2385 1322 2448 260

326 2488 405 2569 piae
421 2504 562 2549 sorores
577 2487 725 2567 impium
740 2486 912 2549 auderent
927 2487 1040 2549 nefas,

318 2592 444 2670 ‚potest
460 2586 577 2656 Iason,
597 2587 628 2648 si
644 2592 739 2649 tuam
755 2605 898 2649 causam
914 2605 1068 2663 amoveS,

326 2707 426 2753 suam
441 2690 547 2750 tueri:
563 2688 683 2750 nullus
698 2688 888 2749 innocuum
904 2706 1009 2749 cruor

325 2789 589 2864 contaminavit,
609 2788 700 2850 afuit
715 2788 812 2850 ferro
829 2807 953 2851 manus

325 2890 520 2972 proculque
535 2892 656 2950 vestro
671 2907 782 2969 purus
799 2908 820 2951 a
837 2893 940 2950 coetu
957 2889 1068 2951 stetit.
1263 2888 1324 2950 265

323 2996 372 3060 tu,
392 2997 430 3052 tu
446 2990 617 3051 malorum
635 2989 871 3051 machinatrix
887 2990 1096 3064 facinorum,

322 3091 475 3154 feminea
490 3090 547 3151 cui
562 3090 720 3169 nequitia
732 3090 774 3151 ad
791 3090 953 3152 audenda
968 3072 1094 3154 omnia.

322 3192 430 3254 robur
446 3191 549 3252 virile
565 3194 630 3264 est,
649 3191 748 3252 nulia
763 3191 880 3252 famae
896 3191 1073 3262 memoria,

323 3293 502 3370 egredere,
523 3309 640 3371 purga
655 3309 776 3368 regna,
795 3290 922 3353 letales
942 3291 1045 3352 simui

322 3407 439 3455 tecum
455 3392 556 3455 aufer
572 3392 712 3466 herbas,
734 3392 848 3453 libera
864 3392 961 3453 cives
977 3398 1084 3467 metu,
1263 3390 1325 3454 270

322 3576 675 3628 innowinyour'possession.’
727 3576 784 3617 245.
810 3575 923 3618 damna:
952 3575 1106 3625 imperative.
1159 3576 1214 3617 246.
1236 3574 1323 3619 redde

322 3646 437 3690 odmen:
465 3645 588 3686 condemn
598 3645 640 3684 the
650 3644 759 3690 accused.
770 3643 791 3684 ii
799 3653 848 3692 you
860 3643 914 3688 will,
927 3644 971 3682 but
981 3646 1076 3683 restore
1083 3645 1125 3684 the
1133 3643 1216 3691 object
1224 3644 1248 3692 (J
1251 3644 1322 3691 ason)

322 3716 361 3756 tor
369 3713 450 3754 which
460 3714 502 3753 the
511 3712 587 3753 crime
597 3721 647 3752 was
656 3710 807 3751 committed.
860 3710 916 3751 248.
943 3710 1013 3759 peti:
1039 3710 1105 3760 petii,
1122 3709 1322 3759 perinucrredd,

321 3792 343 3824 n.
354 3781 421 3831 984)
474 3780 529 3821 256.
557 3779 672 3829 quippe:
700 3778 761 3819 This
776 3778 849 3826 word,
867 3777 892 3817 in
908 3777 1053 3818 connection
1069 3777 1130 3817 with
1146 3788 1160 3817 a
1174 3777 1278 3818 relative
1297 3786 1324 3818 as

322 3851 388 3896 here,
399 3858 427 3889 or
436 3848 507 3889 aione
517 3857 545 3888 as
555 3846 580 3887 in
589 3857 610 3887 o.
621 3846 677 3892 438,
688 3845 830 3885 introduces
841 3854 855 3885 a
865 3845 949 3885 clause
958 3845 984 3885 oi
993 3854 1066 3885 cause
1080 3855 1108 3885 or
1120 3854 1215 3885 reason.
1267 3844 1323 3886 257.

321 3916 456 3959 Acastus:
483 3925 527 3955 son
537 3913 585 3956 and
596 3923 722 3955 successor
731 3914 756 3953 ot
766 3912 850 3952 Pelias
864 3921 891 3951 as
906 3910 999 3959 kingot
1015 3912 1094 3952 Iolcos
1112 3913 1141 3961 (c.
1154 3910 1200 3952 133
1210 3912 1245 3959 n).
1273 3912 1325 3952 'Phe

322 3985 375 4025 tear
393 3983 418 4024 ln
434 3983 515 4023 which
528 3984 606 4025 Jason
621 3981 693 4022 stood
709 3982 734 4021 ot
748 3979 800 4019 him
814 3977 836 4019 is
855 3978 987 4027 expressed
1004 3978 1029 4019 in
1042 3988 1077 4019 co.
1093 3979 1148 4026 521,
1160 3979 1215 4019 526.
1268 3978 1324 4020 261·

322 4052 397 4101 niae:
425 4050 487 4091 filiai
498 4052 550 4099 (see
567 4053 624 4090 note
640 4058 672 4089 on
689 4046 775 4097 pietas.
792 4056 811 4087 n.
830 4046 899 4093 438).
927 4046 992 4087 Note
1009 4045 1143 4088 antithesis
1160 4047 1186 4087 ot
1199 4046 1254 4095 piae
1277 4046 1325 4088 and

322 4118 426 4169 impium.
437 4119 485 4159 and
494 4118 525 4159 ct.
535 4117 597 4159 Ovid
609 4117 650 4166 (M.
662 4117 684 4160 7.
695 4115 754 4162 ³39>
766 4124 797 4154 on
807 4114 850 4154 the
859 4122 927 4153 same
938 4114 1030 4153 theme:
1060 4112 1110 4158 Hic.
1126 4113 1151 4153 ut
1165 4123 1267 4163 quaeque
1279 4113 1321 4163 pia

323 4186 505 4234 adhortatione
519 4182 727 4235 impiaprtmaect.
780 4181 835 4221 265.
863 4180 970 4223 vestro:
998 4178 1146 4229 identitying
1160 4182 1246 4222 Medea
1261 4180 1323 4222 with

325 4255 368 4295 the
383 4264 478 4304 powers
495 4257 520 4296 ot
537 4253 587 4294 evii
605 4253 686 4294 which
704 4253 749 4292 she
766 4248 880 4290 invoked.
932 4248 988 4288 270.
1015 4246 1129 4290 herbas:
1157 4248 1217 4289 used
1234 4248 1260 4289 in
1277 4249 1323 4289 her
